@article{WagersEtAl2009,
  title   = {Agreement attraction in comprehension: {R}epresentations and processes},
  journal = {Journal of Memory and Language},
  volume  = {61},
  number  = {2},
  pages   = {206--237},
  year    = {2009},
  author  = {Matthew W. Wagers and Ellen F. Lau and Colin Phillips}
}

@article{BockMiller1991,
  title     = {Broken agreement},
  author    = {Bock, Kathryn and Miller, Carol A},
  journal   = {Cognitive Psychology},
  volume    = {23},
  number    = {1},
  pages     = {45--93},
  year      = {1991},
  publisher = {Elsevier}
}

@Article{Zeldes2017,
  author    = {Amir Zeldes},
  title     = {The {GUM} Corpus: Creating Multilayer Resources in the Classroom},
  journal   = {Language Resources and Evaluation},
  year      = {2017},
  volume    = {51},
  number    = {3},
  pages     = {581--612},
}

@inproceedings{Ahrenberg2007,
  author    = {Lars Ahrenberg},
  title     = {LinES: An English-Swedish Parallel Treebank},
  booktitle = {Proceedings of the 16th Nordic Conference of Computational Linguistics (NODALIDA 2007)},
  year      = {2007}
}


@misc{Kenet,
  author       = {Aslı Kuzgun and Neslihan Cesur and Olcay Taner Yıldız and Oğuzhan Kuyrukçu and Arife Betül Yenice and Bilge Nas Arıcan and Ezgi Sanıyar},
  title        = {UD Turkish-Atis Treebank},
  year         = {2021},
  howpublished = {\url{https://github.com/UniversalDependencies/UD_Turkish-Kenet/tree/master}},
  note         = {Universal Dependencies v2.8, CC BY-SA 4.0 license. Accessed: 2025-06-16}
}


@misc{Atis,
  author       = {Mehmet Köse and Olcay Taner Yıldız},
  title        = {UD Turkish-Atis Treebank},
  year         = {2021},
  howpublished = {\url{https://github.com/UniversalDependencies/UD_Turkish-Atis/tree/master}},
  note         = {Universal Dependencies v2.8, CC BY-SA 4.0 license. Accessed: 2025-06-16}
}

@inproceedings{Coltekin2015,
  author    = {Çağrı Çöltekin},
  title     = {A grammar-book treebank of Turkish},
  booktitle = {Proceedings of the 14th Workshop on Treebanks and Linguistic Theories (TLT 14)},
  year      = {2015}
}


@inproceedings{Droganova2018,
  author    = {Kira Droganova and Olga Lyashevskaya and Daniel Zeman},
  title     = {Data Conversion and Consistency of Monolingual Corpora: Russian UD Treebanks},
  booktitle = {Proceedings of the 17th International Workshop on Treebanks and Linguistic Theories (TLT 2018)},
  pages     = {52--65},
  year      = {2018},
  publisher = {Linköping University Electronic Press},
  address   = {Oslo University, Norway},
  note      = {No. 155, December 13--14, 2018}
}


@article{Devlin2018,
  author    = {Jacob Devlin and
               Ming{-}Wei Chang and
               Kenton Lee and
               Kristina Toutanova},
  title     = {{BERT:} Pre-training of Deep Bidirectional Transformers for Language
               Understanding},
  journal   = {CoRR},
  volume    = {abs/1810.04805},
  year      = {2018},
  url       = {http://arxiv.org/abs/1810.04805},
  archivePrefix = {arXiv},
  eprint    = {1810.04805},
  timestamp = {Tue, 30 Oct 2018 20:39:56 +0100},
  biburl    = {https://dblp.org/rec/journals/corr/abs-1810-04805.bib},
  bibsource = {dblp computer science bibliography, https://dblp.org}
}


@article{DillonEtAl2013,
  title   = {Contrasting intrusion profiles for agreement and anaphora: {E}xperimental and modeling evidence},
  journal = {Journal of Memory and Language},
  volume  = {69},
  number  = {2},
  pages   = {85--103},
  year    = {2013},
  author  = {Brian Dillon and Alan Mishler and Shayne Sloggett and Colin Phillips}
}

@article{LewisVasishth2005,
  author  = {Lewis, Richard L. and Vasishth, Shravan},
  title   = {An {A}ctivation--{B}ased {M}odel of {S}entence {P}rocessing as {S}killed {M}emory {R}etrieval},
  journal = {Cognitive Science},
  volume  = {29},
  number  = {3},
  pages   = {375--419},
  year    = {2005},
}

@article{SmithVasishth2020,
  title={A principled approach to feature selection in models of sentence processing},
  author={Smith, Garrett and Vasishth, Shravan},
  journal={Cognitive science},
  volume={44},
  number={12},
  pages={e12918},
  year={2020},
  publisher={Wiley Online Library}
}

@inproceedings{FedorenkoEtAl2004,
  author    = {Fedorenko, Evelina and Babyonyshev, Maria and Gibson, Edward},
  booktitle = {Proceedings of North East Linguistics Society 34},
  editor    = {Matthew Wolf and Keir Moulton},
  address  = {Amherst, MA},
  volume    = {34},
  pages     = {215--226},
  title     = {The nature of case interference in online sentence processing in {R}ussian},
  publisher    = {GLSA Publisher},
  year      = {2004}
}

@incollection{LogacevVasishth2012,
  title     = {Case matching and conflicting bindings interference},
  author    = {Loga{\v{c}}ev, Pavel and Vasishth, Shravan},
  booktitle = {Case, word order and prominence},
  pages     = {187--216},
  editor      = {Monique Lamers and Peter de Swart},
  year      = {2012},
  publisher = {Springer},
  address = {Dordrecht, The Netherlands}
}

@article{NicolEtAl2016,
  title={Minimal interference from possessor phrases in the production of subject-verb agreement},
  author={Nicol, Janet and Barss, Andrew and Barker, Jason E},
  journal={Frontiers in psychology},
  volume={7},
  pages={548},
  year={2016},
  publisher={Frontiers Media SA}
}


@incollection{NicolAnton2009,
  title     = {The effect of case marking on subject--verb agreement errors in {E}nglish},
  author    = {Nicol, Janet and Ant{\'o}n-M{\'e}ndez, In{\'e}s},
  booktitle   = {Time and again: Theoretical perspectives on formal linguistics in honor of D. Terence Langendoen},
  pages     = {135--150},
  year      = {2009},
  publisher = {John Benjamins Publishing},
  address    = {Amsterdam, The Netherlands},
  editor = {William D. Lewis and Simin Karimi and Heidi Harley and Scott O. Farrar}
}

@article{Slioussar2018,
  title     = {Forms and features: The role of syncretism in number agreement attraction},
  author    = {Slioussar, Natalia},
  journal   = {Journal of Memory and Language},
  volume    = {101},
  pages     = {51--63},
  year      = {2018},
  publisher = {Elsevier}
}

@article{HartsuikerEtAl2003,
  title     = {Morphophonological influences on the construction of subject--verb agreement},
  author    = {Hartsuiker, Robert J and Schriefers, Herbert J and Bock, Kathryn and Kikstra, Gerdien M},
  journal   = {Memory \& Cognition},
  volume    = {31},
  number    = {8},
  pages     = {1316--1326},
  year      = {2003},
  publisher = {Springer}
}

@article{LagoEtAl2019,
  author    = {Lago, Sol and Gra\v{c}anin--Yuksek, Martina and \c{S}afak, Duygu Fatma and Demir, Orhan and K{\i}rk{\i}c{\i}, Bilal and Felser, Claudia},
  title     = {Straight from the horse's mouth: {A}greement attraction effects with {T}urkish possessors},
  journal   = {Linguistic Approaches to Bilingualism},
  year      = {2019},
  volume    = {9},
  number    = {3},
  pages     = {398--426},
  publisher = {John Benjamins},
  type      = {Journal Article}
}

@article{TurkLogacev2024,
  title={Agreement attraction in Turkish: The case of genitive attractors},
  author={T{\"u}rk, Utku and Loga{\v{c}}ev, Pavel},
  journal={Language, Cognition and Neuroscience},
  volume={39},
  number={4},
  pages={448--454},
  year={2024},
  publisher={Taylor \& Francis}
}

@article{AvetisyanEtAl2020,
  title={Does case marking affect agreement attraction in comprehension?},
  author={Avetisyan, Serine and Lago, Sol and Vasishth, Shravan},
  journal={Journal of Memory and Language},
  volume={112},
  pages={104087},
  year={2020},
  publisher={Elsevier}
}


@article{DillonKeshev2024,
  title={Syntactic dependency formation in sentence processing: A comparative perspective},
  author={Dillon, Brian and Keshev, Maayan},
  journal={Cambridge Handbook of Comparative Syntax},
  year={2024}
}

@article{BickelNichols2013,
  title={Inflectional synthesis of the verb},
  author={Bickel, Balthasar and Nichols, Johanna},
  journal={Max Planck Institute for Evolutionary Anthropology, Leipzig},
  year={2013}
}

@article{BhatiaBrian2022,
  title={Processing agreement in Hindi: When agreement feeds attraction},
  author={Bhatia, Sakshi and Dillon, Brian},
  journal={Journal of Memory and Language},
  volume={125},
  pages={104322},
  year={2022},
  publisher={Elsevier}
}

@article{Bleotu2024,
  title={Romanian (subject-like) DPs attract more than bare nouns: Evidence from speeded continuations},
  author={Bleotu, Adina Camelia and Dillon, Brian},
  journal={Journal of Memory and Language},
  volume={134},
  pages={104445},
  year={2024},
  publisher={Elsevier}
}


@article{HaoLinzen2023,
  title={Verb conjugation in transformers is determined by linear encodings of subject number},
  author={Hao, Sophie and Linzen, Tal},
  journal={arXiv preprint arXiv:2310.15151},
  year={2023}
}

@article{RavfogelEtAl2021,
  title={Counterfactual interventions reveal the causal effect of relative clause representations on agreement prediction},
  author={Ravfogel, Shauli and Prasad, Grusha and Linzen, Tal and Goldberg, Yoav},
  journal={arXiv preprint arXiv:2105.06965},
  year={2021}
}
@article{RyuLewis2021,
  title={Accounting for agreement phenomena in sentence comprehension with transformer language models: Effects of similarity-based interference on surprisal and attention},
  author={Ryu, Soo Hyun and Lewis, Richard L},
  journal={arXiv preprint arXiv:2104.12874},
  year={2021}
}

@inproceedings{Arehalli2020,
  title={Neural Language Models Capture Some, But Not All, Agreement Attraction Effects},
  author={Arehalli, Suhas and Linzen, Tal},
  booktitle={Proceedings of the Annual Meeting of the Cognitive Science Society},
  volume={42},
  year={2020}
}

@article{RyskinEtAl2021,
  title={Agreement errors are predicted by rational inference in sentence processing},
  author={Ryskin, Rachel and Bergen, Leon and Gibson, Edward},
  year={2021},
  publisher={OSF}
}


@article{WilcoxEtAl2023,
  title={Testing the predictions of surprisal theory in 11 languages},
  author={Wilcox, Ethan G and Pimentel, Tiago and Meister, Clara and Cotterell, Ryan and Levy, Roger P},
  journal={Transactions of the Association for Computational Linguistics},
  volume={11},
  pages={1451--1470},
  year={2023},
  publisher={MIT Press One Broadway, 12th Floor, Cambridge, Massachusetts 02142, USA~…}
}

@article{Levy2008,
  title={Expectation-based syntactic comprehension},
  author={Levy, Roger},
  journal={Cognition},
  volume={106},
  number={3},
  pages={1126--1177},
  year={2008},
  publisher={Elsevier}
}

@article{ClarkEtAl2019,
  title={What does bert look at? an analysis of bert's attention},
  author={Clark, Kevin and Khandelwal, Urvashi and Levy, Omer and Manning, Christopher D},
  journal={arXiv preprint arXiv:1906.04341},
  year={2019}
}

@article{bert,
  author    = {Jacob Devlin and
               Ming{-}Wei Chang and
               Kenton Lee and
               Kristina Toutanova},
  title     = {{BERT:} Pre-training of Deep Bidirectional Transformers for Language
               Understanding},
  journal   = {CoRR},
  volume    = {abs/1810.04805},
  year      = {2018},
  url       = {http://arxiv.org/abs/1810.04805},
  archivePrefix = {arXiv},
  eprint    = {1810.04805},
  timestamp = {Tue, 30 Oct 2018 20:39:56 +0100},
  biburl    = {https://dblp.org/rec/journals/corr/abs-1810-04805.bib},
  bibsource = {dblp computer science bibliography, https://dblp.org}
}


@article{gpt2,
  title={Language models are unsupervised multitask learners},
  author={Radford, Alec and Wu, Jeffrey and Child, Rewon and Luan, David and Amodei, Dario and Sutskever, Ilya and others},
  journal={OpenAI blog},
  volume={1},
  number={8},
  pages={9},
  year={2019}
}

@article{gptTR,
  title={Introducing cosmosGPT: Monolingual Training for Turkish Language Models},
  author={Kesgin, H Toprak and Yuce, M Kaan and Dogan, Eren and Uzun, M Egemen and Uz, Atahan and Seyrek, H Emre and Zeer, Ahmed and Amasyali, M Fatih},
  journal={arXiv preprint arXiv:2404.17336},
  year={2024}
}

@misc{rugpt,
  author       = {vlarine},
  title        = {ruGPT2: Russian GPT-2 Model},
  year         = {2025},
  url          = {https://github.com/vlarine/ruGPT2},
  note         = {Accessed: 2025-05-22},
  howpublished = {\url{https://github.com/vlarine/ruGPT2}},
  publisher    = {GitHub}
}


@inproceedings{WolfEtAl2020,
  author    = {Thomas Wolf and Lysandre Debut and Victor Sanh and Julien Chaumond and Clement Delangue and Anthony Moi and Pierric Cistac and Tim Rault and Remi Louf and Morgan Funtowicz and Joe Davison and Sam Shleifer and Patrick von Platen and Clara Ma and Yacine Jernite and Julien Plu and Canwen Xu and Teven Le Scao and Sylvain Gugger and Mariama Drame and Quentin Lhoest and Alexander Rush},
  title     = {Transformers: State-of-the-art natural language processing},
  booktitle = {Proceedings of the 2020 Conference on Empirical Methods in Natural Language Processing: System Demonstrations},
  pages     = {38--45},
  year      = {2020},
  address   = {Online},
  publisher = {Association for Computational Linguistics},
}

@article{Misra2022,
  author    = {Kanishka Misra},
  title     = {minicons: Enabling flexible behavioral and representational analyses of transformer language models},
  journal   = {arXiv preprint arXiv:2203.13112},
  year      = {2022},
}


@article{TurkEtAl2022,
  title={Resources for Turkish dependency parsing: Introducing the BOUN treebank and the BoAT annotation tool},
  author={T{\"u}rk, Utku and Atmaca, Furkan and {\"O}zate{\c{s}}, {\c{S}}aziye Bet{\"u}l and Berk, G{\"o}zde and Bedir, Seyyit Talha and K{\"o}ksal, Abdullatif and Ba{\c{s}}aran, Balk{\i}z {\"O}zt{\"u}rk and G{\"u}ng{\"o}r, Tunga and {\"O}zg{\"u}r, Arzucan},
  journal={Language Resources and Evaluation},
  pages={1--49},
  year={2022},
  publisher={Springer}
}


@inproceedings{SilveiraEtAl2014,
  year = {2014},
  author = {Natalia Silveira and Timothy Dozat and Marie-Catherine de
	  Marneffe and Samuel Bowman and Miriam Connor and John Bauer and
	  Christopher D. Manning},
  title = {A Gold Standard Dependency Corpus for {E}nglish},
  booktitle = {Proceedings of the Ninth International Conference on Language
    Resources and Evaluation (LREC-2014)}
}

@techreport{LyashevskayaEtAl2016,
  author    = {Olga Lyashevskaya and Kira Droganova and Daniel Zeman and Maria Alexeeva and Tatiana Gavrilova and Nina Mustafina and Elena Shakurova},
  title     = {Universal Dependencies for Russian: a New Syntactic Dependencies Tagset},
  year      = {2016},
  institution = {WP BRP},
  series    = {Linguistics},
  number    = {44/LNG/2016},
  address   = {Moscow},
}
